<?xml version="1.0" encoding="UTF-8"?>
<record xmlns="http://www.loc.gov/MARC21/slim">
   <leader>02598cam a2200361Ka 4500</leader>
   <controlfield tag="001">3872952</controlfield>
   <controlfield tag="003">NjP</controlfield>
   <controlfield tag="005">20190705144337.0</controlfield>
   <controlfield tag="008">000131m19411943tu ac    b    000 0 arard</controlfield>
   <datafield tag="024" ind1="7" ind2=" ">
      <subfield code="a">princeton_aco004921</subfield>
      <subfield code="2">local</subfield>
   </datafield>
   <datafield ind1=" " ind2=" " tag="040">
      <subfield code="a">BNG</subfield>
      <subfield code="c">PUL</subfield>
      <subfield code="d">PUL</subfield>
   </datafield>
   <datafield ind1=" " ind2=" " tag="035">
      <subfield code="a">(NjP)3872952</subfield>
   </datafield>
   <datafield ind1=" " ind2=" " tag="049">
      <subfield code="a">PULL</subfield>
   </datafield>
   <datafield ind1=" " ind2=" " tag="035">
      <subfield code="a">(OCoLC)ocm43370624</subfield>
   </datafield>
   <datafield ind1="0" ind2=" " tag="100">
      <subfield code="a">Kâtip Çelebi,</subfield>
      <subfield code="d">1609-1657.</subfield>
      <subfield code="0">http://id.loc.gov/authorities/names/n85245148</subfield>
   </datafield>
   <datafield ind1="1" ind2="0" tag="240">
      <subfield code="6">880-01</subfield>
      <subfield code="a">Kashf al-ẓunūn ʻan asāmi al-kutub wa-al-funūn</subfield>
   </datafield>
   <datafield ind1="1" ind2="0" tag="245">
      <subfield code="6">880-02</subfield>
      <subfield code="a">Kitāb kashf al-ẓunūn ʻan asāmī al-kutub wa-al-funūn /</subfield>
      <subfield code="c">li-Muṣṭafá ibn ʻAbd Allāh al-shahīr bi-Ḥājjī Khalīfah wa-bi-Kātib Jalabī ; ʻuniyah bi-taṣḥīḥuhu wa-ṭabʻuhu ʻala nuskhat al-muʼallif mujarradan ʻan al-ziyādāt wa-al-lawāḥiq min baʻdihi wa-taʻlīq hawāshihi thumma bi-tartīb al-thuyūl ʻalayhi wa-ṭabʻihā Muḥammad Sharaf al-Dīn Yāltaqāyā wa-al-muʻallim Rifʻat Bīlkah al-Kilīsī.</subfield>
   </datafield>
   <datafield ind1=" " ind2=" " tag="260">
      <subfield code="6">880-03</subfield>
      <subfield code="a">[Istanbul :</subfield>
      <subfield code="b">s.n.],</subfield>
      <subfield code="c">1941-1943</subfield>
      <subfield code="e">([Istanbul] :</subfield>
      <subfield code="f">Maṭabiʻ Wikālat al-Maʻārif al-Jalīlah)</subfield>
   </datafield>
   <datafield ind1=" " ind2=" " tag="300">
      <subfield code="a">2 v. :</subfield>
      <subfield code="b">ill., port ;</subfield>
      <subfield code="c">34 cm.</subfield>
   </datafield>
   <datafield ind1=" " ind2=" " tag="500">
      <subfield code="a">Title on added t.p.: Keşf-el-zunun.</subfield>
   </datafield>
   <datafield ind1=" " ind2="0" tag="650">
      <subfield code="a">Islam</subfield>
      <subfield code="v">Bibliography.</subfield>
      <subfield code="0">http://id.loc.gov/authorities/subjects/sh2008104956</subfield>
   </datafield>
   <datafield ind1=" " ind2="0" tag="650">
      <subfield code="a">Arabic literature</subfield>
      <subfield code="v">Bio-bibliography.</subfield>
      <subfield code="0">http://id.loc.gov/authorities/subjects/sh2009115250</subfield>
   </datafield>
   <datafield ind1="0" ind2=" " tag="700">
      <subfield code="a">Ismail,</subfield>
      <subfield code="c">paşa,</subfield>
      <subfield code="d">1839-1920.</subfield>
      <subfield code="t">Iḍāḥ al-maknūn.</subfield>
   </datafield>
   <datafield ind1="1" ind2=" " tag="700">
      <subfield code="a">Yaltkaya, Şerefeddin.</subfield>
   </datafield>
   <datafield ind1="0" ind2=" " tag="700">
      <subfield code="a">Kilisli Muallim Rifat,</subfield>
      <subfield code="d">1876-1953.</subfield>
      <subfield code="0">http://id.loc.gov/authorities/names/n84037231</subfield>
   </datafield>
   <datafield ind1="1" ind2="2" tag="700">
      <subfield code="a">Bābānī, Ismāʻīl Bāshā,</subfield>
      <subfield code="d">-1920 or 1921.</subfield>
      <subfield code="t">Hadīyat al-ʻārifīn.</subfield>
      <subfield code="0">http://id.loc.gov/authorities/names/nr93014103</subfield>
   </datafield>
   <datafield ind1="0" ind2=" " tag="740">
      <subfield code="6">880-04</subfield>
      <subfield code="a">Keşf el-zunun.</subfield>
   </datafield>
   <datafield ind1="1" ind2="0" tag="880">
      <subfield code="6">240-01/r</subfield>
      <subfield code="a">كشف الظنون عن اسام الكتب والفنون</subfield>
   </datafield>
   <datafield ind1="1" ind2="0" tag="880">
      <subfield code="6">245-02/r</subfield>
      <subfield code="a">كتاب كشف الظنون عن اسامي الكتب والفنون /</subfield>
      <subfield code="c">لمصطفى بن عبد الله الشهير بحاجي خليفة وبكاتب جلبي ؛ عنية بتصحيحه وطبعه عل نسخة المؤلف مجردن عن الزيادات واللواحق من بعده وتعليق هواشه ثم بترتيب الثيول عليه وطبعها محمد شرف الدين يالتقايا والمعلم رفعة بيلكة الكليسي.</subfield>
   </datafield>
   <datafield ind1=" " ind2=" " tag="880">
      <subfield code="6">260-03/r</subfield>
      <subfield code="a">[استنبل :</subfield>
      <subfield code="b">s.n.]،</subfield>
      <subfield code="c">1941-1943</subfield>
      <subfield code="e">([استنبل] :</subfield>
      <subfield code="f">مطبع وكالة المعارف الجليله)</subfield>
   </datafield>
   <datafield ind1="0" ind2="1" tag="880">
      <subfield code="6">740-04/r</subfield>
      <subfield code="a">كðسف لزنن.</subfield>
   </datafield>
   <datafield ind1=" " ind2=" " tag="904">
      <subfield code="a">mv</subfield>
      <subfield code="b">o</subfield>
      <subfield code="h">m</subfield>
      <subfield code="c">t</subfield>
      <subfield code="e">20030407</subfield>
   </datafield>
   <datafield ind1=" " ind2=" " tag="994">
      <subfield code="a">C0</subfield>
      <subfield code="b">PUL</subfield>
   </datafield>
   <datafield ind1=" " ind2=" " tag="999">
      <subfield code="a">3872952</subfield>
   </datafield>
   <datafield ind1=" " ind2=" " tag="979">
      <subfield code="a">(OCoLC)ocn178654553</subfield>
   </datafield>
   <datafield ind1="0" ind2=" " tag="852">
      <subfield code="0">4173405</subfield>
      <subfield code="b">nec</subfield>
      <subfield code="h">Z7835.M6</subfield>
      <subfield code="i">K385 1941q</subfield>
   </datafield>
   <datafield ind1=" " ind2="0" tag="866">
      <subfield code="0">4173405</subfield>
      <subfield code="a">juz 1-2</subfield>
   </datafield>
   <datafield ind1=" " ind2=" " tag="959">
      <subfield code="a">2003-04-07 12:36:59 -0400</subfield>
   </datafield>
</record>
